@article{millikan_1913,
	title = {On the {Elementary} {Electrical} {Charge} and the {Avogadro} {Constant}},
	volume = {2},
	url = {https://link.aps.org/doi/10.1103/PhysRev.2.109},
	doi = {10.1103/PhysRev.2.109},
	number = {2},
	urldate = {2024-12-06},
	journal = {Physical Review},
	author = {Millikan., R. A.},
	month = aug,
	year = {1913},
	publisher = {American Physical Society},
	pages = {109--143},
}
@misc{codata,
	title = {{CODATA} {Value}: elementary charge},
	url = {https://physics.nist.gov/cgi-bin/cuu/Value?e},
	urldate = {2024-12-06},
    author = {National Institue of Standards and Technology}
}